@misc{euecc2021,
   title = {European industrial technology roadmap for the next generation cloud-edge offering},
   year = {2021},
}
